<?xml version="1.0" encoding="UTF-8"?><record xmlns="http://www.loc.gov/MARC21/slim" xmlns:cinclude="http://apache.org/cocoon/include/1.0" xmlns:zs="http://www.loc.gov/zing/srw/">
  <leader>00503cz  a2200133n  4500</leader>
  <controlfield tag="001">n  85192694 </controlfield>
  <controlfield tag="003">DLC</controlfield>
  <controlfield tag="005">20080421074947.0</controlfield>
  <controlfield tag="008">860430n| acannaabn          |n ana     c</controlfield>
  <datafield tag="010" ind1=" " ind2=" ">
    <subfield code="a">n  85192694 </subfield>
  </datafield>
  <datafield tag="035" ind1=" " ind2=" ">
    <subfield code="a">(OCoLC)oca01571751</subfield>
  </datafield>
  <datafield tag="040" ind1=" " ind2=" ">
    <subfield code="a">IU</subfield>
    <subfield code="b">eng</subfield>
    <subfield code="c">DLC</subfield>
    <subfield code="d">DLC</subfield>
    <subfield code="d">OCoLC</subfield>
  </datafield>
  <datafield tag="110" ind1="2" ind2=" ">
    <subfield code="a">S.-Peterburgskie vysshie zhenskie kursy.</subfield>
    <subfield code="b">Otdi︠e︡l i︠u︡ridicheskīĭ.</subfield>
    <subfield code="b">Biblīoteka</subfield>
  </datafield>
  <datafield tag="670" ind1=" " ind2=" ">
    <subfield code="a">Its Katalog Biblīoteki S.-Peterburgskīkh vysshikh zhenskikh kursov, 1909:</subfield>
    <subfield code="b">t.p. (Otdi︠e︡l i︠u︡ridicheskīĭ)</subfield>
  </datafield>
</record>